@article{ding2011subkilometer,
 author = {Ding, Wei and Stepinski, Tomasz F. and Mu, Yang and Bandeira, Lourenco and Ricardo, Ricardo and Wu, Youxi and Lu, Zhenyu and Cao, Tianyu and Wu, Xindong},
 title = {Subkilometer Crater Discovery with Boosting and Transfer Learning},
 journal = {ACM Trans. Intell. Syst. Technol.},
 issue_date = {July 2011},
 volume = {2},
 number = {4},
 month = jul,
 year = {2011},
 pages = {39:1--39:22},
} 


@article{kim2005automated,
  title={Automated crater detection, a new tool for Mars cartography and chronology},
  author={Kim, Jung Rack and Muller, Jan-Peter and van Gasselt, Stephan and Morley, Jeremy G and Neukum, Gerhard},
  journal={Photogrammetric Engineering \& Remote Sensing},
  volume={71},
  number={10},
  pages={1205--1217},
  year={2005},
  publisher={American Society for Photogrammetry and Remote Sensing}
}

@article{salamuniccar2008open,
  title={Open framework for objective evaluation of crater detection algorithms with first test-field subsystem based on MOLA data},
  author={Salamuni{\'c}car, Goran and Lon{\v{c}}ari{\'c}, Sven},
  journal={Advances in Space Research},
  volume={42},
  number={1},
  pages={6--19},
  year={2008},
  publisher={Elsevier}
}

@article{bandeira2007impact,
  title={Impact crater recognition on Mars based on a probability volume created by template matching},
  author={Bandeira, Louren{\c{c}}o and Saraiva, Jose and Pina, Pedro},
  journal={Geoscience and Remote Sensing, IEEE Transactions on},
  volume={45},
  number={12},
  pages={4008--4015},
  year={2007},
  publisher={IEEE}
}

@article{cheng2003optical,
  title={Optical landmark detection for spacecraft navigation},
  author={Cheng, Yang and Johnson, Andrew E and Matthies, Larry H and Olson, Clark F},
  journal={Advances in the Astronautical Sciences},
  volume={114},
  number={3},
  pages={1785--1803},
  year={2003},
  publisher={Citeseer}
}

@incollection{honda2002mining,
  title={Mining of topographic feature from heterogeneous imagery and its application to lunar craters},
  author={Honda, Rie and Iijima, Yuichi and Konishi, Osamu},
  booktitle={Progress in Discovery Science},
  pages={395--407},
  year={2002},
  publisher={Springer}
}

@article{leroy2001crater,
  title={Crater detection for autonomous landing on asteroids},
  author={Leroy, Bertrand and Medioni, G{\'e}rard and Johnson, E and Matthies, Larry},
  journal={Image and Vision Computing},
  volume={19},
  number={11},
  pages={787--792},
  year={2001},
  publisher={Elsevier}
}

@INPROCEEDINGS{galloway2014image, 
author={Galloway, M.J. and Benedix, G.K. and Bland, P.A. and Paxman, J. and Towner, M.C. and Tan, T.}, 
booktitle={Image Processing (ICIP), 2014 IEEE International Conference on}, 
title={Automated crater detection and counting using the hough transform}, 
year={2014}, 
month={Oct}, 
pages={1579-1583}
}
@ARTICLE{Jihao2015selected, 
author={Jihao Yin and Hui Li and Xiuping Jia}, 
journal={Selected Topics in Applied Earth Observations and Remote Sensing, IEEE Journal of}, 
title={Crater Detection Based on Gist Features}, 
year={2015}, 
month={Jan}, 
volume={8}, 
number={1}, 
pages={23-29}, 
}

@INPROCEEDINGS{siyi2011image, 
author={Siyi Liu and Wei Ding and Stepinski, T.F.}, 
booktitle={Image and Signal Processing and Analysis (ISPA), 2011 7th International Symposium on}, 
title={Semi-supervised based active class selection for automatic identification of sub-kilometer craters}, 
year={2011}, 
month={Sept}, 
pages={615-620}
}

@INPROCEEDINGS{ying2013crater, 
author={Ying Wang and Ding, Wei and Kui Yu and Hao Wang and Wu, Xindong}, 
booktitle={Conference Anthology, IEEE}, 
title={Crater detection using Bayesian classifiers and LASSO}, 
year={2013}, 
month={Jan}, 
pages={1-5}
}

@ARTICLE{Ding2013385,
title = "Novel approach of crater detection by crater candidate region selection and matrix-pattern-oriented least squares support vector machine ",
journal = "Chinese Journal of Aeronautics ",
volume = "26",
number = "2",
pages = "385 - 393",
year = "2013",
note = "",
issn = "1000-9361",
doi = "http://dx.doi.org/10.1016/j.cja.2013.02.016",
url = "http://www.sciencedirect.com/science/article/pii/S1000936113000289",
author = "Meng Ding and Yunfeng Cao and Qingxian Wu",
keywords = "Crater candidate region",
keywords = "Crater detection algorithm",
keywords = "Kanade–Lucas–Tomasi detector",
keywords = "Least squares support vector machine",
keywords = "Matrixization "
}

@INPROCEEDINGS{Wei2015ase, 
author={Wei Fu and Tim Menzies}, 
booktitle={Automated Software Engineering (ASE), 2015 30th IEEE/ACM International Conference on},  
title={Analytics Without Tuning Considered Harmful?}, 
year={2015}, 
note= "submitted"
}

@ARTICLE{scikit-learn,
 title={Scikit-learn: Machine Learning in {P}ython},
 author={Pedregosa, F. and Varoquaux, G. and Gramfort, A. and Michel, V.
         and Thirion, B. and Grisel, O. and Blondel, M. and Prettenhofer, P.
         and Weiss, R. and Dubourg, V. and Vanderplas, J. and Passos, A. and
         Cournapeau, D. and Brucher, M. and Perrot, M. and Duchesnay, E.},
 journal={Journal of Machine Learning Research},
 volume={12},
 pages={2825--2830},
 year={2011}
}

@ARTICLE{voting,
  title = {Ensemble Learning - Voting Based Methods.}, 
  url = {http://www.scholarpedia.org/article/Ensemble_learning#Voting_based_methods},
  author = {Robi Polikar},
  journal = {Scholarpedia, 4(1):2776}
}